
@article{ChanLTZ16,
	author    = {T.{-}H. Hubert Chan and
	Anand Louis and
	Zhihao Gavin Tang and
	Chenzi Zhang},
	title     = {Spectral Properties of Hypergraph Laplacian and Approximation Algorithms},
	journal   = {CoRR},
	volume    = {abs/1605.01483},
	year      = {2016},
	url       = {http://arxiv.org/abs/1605.01483},
	archivePrefix = {arXiv},
	eprint    = {1605.01483},
	timestamp = {Mon, 13 Aug 2018 16:48:40 +0200},
	biburl    = {https://dblp.org/rec/bib/journals/corr/ChanLTZ16},
	bibsource = {dblp computer science bibliography, https://dblp.org}
}
@InProceedings{LouisM14,
	author =	{Anand Louis and Yury Makarychev},
	title =	{{Approximation Algorithms for Hypergraph Small Set Expansion and Small Set Vertex Expansion}},
	booktitle =	{Approximation, Randomization, and Combinatorial Optimization. Algorithms and Techniques (APPROX/RANDOM 2014)},
	pages =	{339--355},
	series =	{Leibniz International Proceedings in Informatics (LIPIcs)},
	ISBN =	{978-3-939897-74-3},
	ISSN =	{1868-8969},
	year =	{2014},
	volume =	{28},
	editor =	{Klaus Jansen and Jos{\'e} D. P. Rolim and Nikhil R. Devanur and Cristopher Moore},
	publisher =	{Schloss Dagstuhl--Leibniz-Zentrum fuer Informatik},
	address =	{Dagstuhl, Germany},
	URL =		{http://drops.dagstuhl.de/opus/volltexte/2014/4707},
	URN =		{urn:nbn:de:0030-drops-47079},
	doi =		{10.4230/LIPIcs.APPROX-RANDOM.2014.339},
	annote =	{Keywords: Approximation Algorithms, Graph Expansion, Hypergraph Expansion, Vertex Expansion}
}
@incollection{kaibel2004expansion,
	title={On the expansion of graphs of 0/1-polytopes},
	author={Kaibel, Volker},
	booktitle={The Sharpest Cut: The Impact of Manfred Padberg and His Work},
	pages={199--216},
	year={2004},
	publisher={SIAM}
}

@article{stoer1997simple,
	title={A simple min-cut algorithm},
	author={Stoer, Mechthild and Wagner, Frank},
	journal={Journal of the ACM (JACM)},
	volume={44},
	number={4},
	pages={585--591},
	year={1997},
	publisher={ACM}
}

@incollection{karp1972reducibility,
	title={Reducibility among combinatorial problems},
	author={Karp, Richard M},
	booktitle={Complexity of computer computations},
	pages={85--103},
	year={1972},
	publisher={Springer}
}
